{
  "InputCollect": {
    "date_var": ["DATE"],
    "dayInterval": [7],
    "intervalType": ["week"],
    "dep_var": ["revenue"],
    "dep_var_type": ["revenue"],
    "prophet_vars": ["trend", "season", "holiday"],
    "prophet_signs": ["default", "default", "default"],
    "prophet_country": ["JP"],
    "context_vars": ["competitor_sales_B", "events"],
    "context_signs": ["default", "default"],
    "paid_media_vars": ["tv_S", "ooh_S", "print_S", "facebook_I", "search_clicks_P"],
    "paid_media_signs": ["positive", "positive", "positive", "positive", "positive"],
    "paid_media_spends": ["tv_S", "ooh_S", "print_S", "facebook_S", "search_S"],
    "paid_media_total": [12576779.013103278],
    "exposure_vars": ["facebook_I", "search_clicks_P"],
    "organic_vars": ["newsletter"],
    "organic_signs": ["positive"],
    "all_media": ["tv_S", "ooh_S", "print_S", "facebook_S", "search_S", "newsletter"],
    "all_ind_vars": ["trend", "season", "holiday", "competitor_sales_B", "events", "tv_S", "ooh_S", "print_S", "facebook_S", "search_S", "newsletter"],
    "factor_vars": ["events"],
    "unused_vars": [],
    "window_start": ["2016-01-04"],
    "rollingWindowStartWhich": [7],
    "window_end": ["2018-12-31"],
    "rollingWindowEndWhich": [163],
    "rollingWindowLength": [157],
    "totalObservations": [208],
    "refreshAddedStart": ["2016-01-04"],
    "adstock": ["geometric"],
    "hyperparameters": {
      "facebook_S_alphas": [0.5, 3],
      "facebook_S_gammas": [0.3, 1],
      "print_S_alphas": [0.5, 3],
      "print_S_gammas": [0.3, 1],
      "tv_S_alphas": [0.5, 3],
      "tv_S_gammas": [0.3, 1],
      "search_S_alphas": [0.5, 3],
      "search_S_gammas": [0.3, 1],
      "ooh_S_alphas": [0.5, 3],
      "ooh_S_gammas": [0.3, 1],
      "newsletter_alphas": [0.5, 3],
      "newsletter_gammas": [0.3, 1],
      "facebook_S_thetas": [0, 0.3],
      "print_S_thetas": [0.1, 0.4],
      "tv_S_thetas": [0.3, 0.8],
      "search_S_thetas": [0, 0.3],
      "ooh_S_thetas": [0.1, 0.4],
      "newsletter_thetas": [0.1, 0.4],
      "train_size": [0.5, 0.8]
    },
    "calibration_input": {},
    "custom_params": [],
    "version": ["Robyn (stable) v3.11.1 [R-4.4.0]"]
  },
  "ModelsCollect": {
    "ts_validation": [true],
    "train_timestamp": ["2024-11-30 19:23:23"],
    "export_timestamp": ["2024-11-30 19:29:58"],
    "run_time": ["11.31 min"],
    "outputs_time": ["3.38 min"],
    "total_time": ["14.69 min"],
    "total_iters": [10000],
    "conv_msg": ["DECOMP.RSSD NOT converged", "NRMSE converged"],
    "n_clusters": [4],
    "calibration_constraint": [0.1],
    "cores": [11],
    "iterations": [2000],
    "trials": [5],
    "intercept": [true],
    "intercept_sign": ["non_negative"],
    "nevergrad_algo": ["TwoPointsDE"],
    "add_penalty_factor": [false],
    "seed": [123],
    "pareto_fronts": [8],
    "hyper_fixed": [false],
    "plot_folder": ["C:/Users/moris/stats_semi1/bayes/MMM/Robyn/03.output/Robyn_202411301927_init/"]
  },
  "Extras": {
    "raw_data": [
      {
        "DATE": "2015-11-23",
        "revenue": 2754371.6666666698,
        "tv_S": 22358.3466666667,
        "ooh_S": 0,
        "print_S": 12728.4888888889,
        "facebook_I": 24301284.237530436,
        "search_clicks_P": 0,
        "search_S": 0,
        "competitor_sales_B": 8125009,
        "facebook_S": 7607.1329148046,
        "events": "na",
        "newsletter": 19401.6538461538
      },
      {
        "DATE": "2015-11-30",
        "revenue": 2584276.6666666698,
        "tv_S": 28613.4533333333,
        "ooh_S": 0,
        "print_S": 0,
        "facebook_I": 5527033.1817752998,
        "search_clicks_P": 9837.2384857852,
        "search_S": 4133.3333333333,
        "competitor_sales_B": 7901549,
        "facebook_S": 1141.9524503542,
        "events": "na",
        "newsletter": 14791
      },
      {
        "DATE": "2015-12-07",
        "revenue": 2547386.6666666698,
        "tv_S": 0,
        "ooh_S": 132278.4,
        "print_S": 453.8666666667,
        "facebook_I": 16651591.223490434,
        "search_clicks_P": 12044.1196528263,
        "search_S": 3786.6666666667,
        "competitor_sales_B": 8300197,
        "facebook_S": 4256.3753778266,
        "events": "na",
        "newsletter": 14544
      },
      {
        "DATE": "2015-12-14",
        "revenue": 2875220,
        "tv_S": 83450.3066666667,
        "ooh_S": 0,
        "print_S": 17680,
        "facebook_I": 10549765.676264668,
        "search_clicks_P": 12268.0703194346,
        "search_S": 4253.3333333333,
        "competitor_sales_B": 8122883,
        "facebook_S": 2800.490676851,
        "events": "na",
        "newsletter": 2800
      },
      {
        "DATE": "2015-12-21",
        "revenue": 2215953.3333333302,
        "tv_S": 0,
        "ooh_S": 277336,
        "print_S": 0,
        "facebook_I": 2934089.8262504502,
        "search_clicks_P": 9467.2480229987,
        "search_S": 3613.3333333333,
        "competitor_sales_B": 7105985,
        "facebook_S": 689.582605192,
        "events": "na",
        "newsletter": 15478
      },
      {
        "DATE": "2015-12-28",
        "revenue": 2569921.6666666698,
        "tv_S": 33225.3066666667,
        "ooh_S": 0,
        "print_S": 31922.3111111111,
        "facebook_I": 16634027.035760432,
        "search_clicks_P": 12687.2586368544,
        "search_S": 3773.3333333333,
        "competitor_sales_B": 7097237,
        "facebook_S": 5337.0051734019,
        "events": "na",
        "newsletter": 13817
      },
      {
        "DATE": "2016-01-04",
        "revenue": 2171506.6666666698,
        "tv_S": 687.0533333333,
        "ooh_S": 226753.6,
        "print_S": 0,
        "facebook_I": 13715898.605883202,
        "search_clicks_P": 12096.504594859,
        "search_S": 3706.6666666667,
        "competitor_sales_B": 6974368,
        "facebook_S": 3623.0122328703,
        "events": "na",
        "newsletter": 28817
      },
      {
        "DATE": "2016-01-11",
        "revenue": 2464131.6666666698,
        "tv_S": 2952.2266666667,
        "ooh_S": 0,
        "print_S": 23581.2888888889,
        "facebook_I": 18851563.533731967,
        "search_clicks_P": 11588.3696648409,
        "search_S": 4266.6666666667,
        "competitor_sales_B": 7452174,
        "facebook_S": 4129.8161531585,
        "events": "na",
        "newsletter": 19082
      },
      {
        "DATE": "2016-01-18",
        "revenue": 2012520,
        "tv_S": 0,
        "ooh_S": 0,
        "print_S": 0,
        "facebook_I": 11910187.879678501,
        "search_clicks_P": 9341.1605005463,
        "search_S": 3053.3333333333,
        "competitor_sales_B": 6703566,
        "facebook_S": 3623.0122328703,
        "events": "na",
        "newsletter": 19679
      },
      {
        "DATE": "2016-01-25",
        "revenue": 1738911.66666667,
        "tv_S": 0,
        "ooh_S": 0,
        "print_S": 11243.9111111111,
        "facebook_I": 10620420.184529733,
        "search_clicks_P": 7023.2464152699,
        "search_S": 3053.3333333333,
        "competitor_sales_B": 5535394,
        "facebook_S": 3002.6905850797,
        "events": "na",
        "newsletter": 15095
      },
      {
        "DATE": "2016-02-01",
        "revenue": 1772306.66666667,
        "tv_S": 16511.8266666667,
        "ooh_S": 42477.3333333333,
        "print_S": 0,
        "facebook_I": 0,
        "search_clicks_P": 9341.3257666087,
        "search_S": 2746.6666666667,
        "competitor_sales_B": 5480098,
        "facebook_S": 0,
        "events": "na",
        "newsletter": 9795
      },
      {
        "DATE": "2016-02-08",
        "revenue": 1809058.33333333,
        "tv_S": 0,
        "ooh_S": 0,
        "print_S": 4763.5555555556,
        "facebook_I": 11416552.5179333,
        "search_clicks_P": 7107.7773245362,
        "search_S": 2693.3333333333,
        "competitor_sales_B": 5872523,
        "facebook_S": 3564.3821977866,
        "events": "na",
        "newsletter": 10876
      },
      {
        "DATE": "2016-02-15",
        "revenue": 1952740,
        "tv_S": 66276.44,
        "ooh_S": 0,
        "print_S": 2448.4,
        "facebook_I": 5063253.0082151005,
        "search_clicks_P": 0,
        "search_S": 0,
        "competitor_sales_B": 5822926,
        "facebook_S": 1448.5977402309,
        "events": "na",
        "newsletter": 19401.6538461538
      },
      {
        "DATE": "2016-02-22",
        "revenue": 1507805,
        "tv_S": 0,
        "ooh_S": 0,
        "print_S": 0,
        "facebook_I": 0,
        "search_clicks_P": 0,
        "search_S": 0,
        "competitor_sales_B": 5027123,
        "facebook_S": 0,
        "events": "na",
        "newsletter": 19401.6538461538
      },
      {
        "DATE": "2016-02-29",
        "revenue": 1510391.66666667,
        "tv_S": 41556.2933333333,
        "ooh_S": 0,
        "print_S": 0,
        "facebook_I": 10819486.908956267,
        "search_clicks_P": 5355.8900395874,
        "search_S": 2293.3333333333,
        "competitor_sales_B": 4561518,
        "facebook_S": 2415.5964039806,
        "events": "na",
        "newsletter": 583
      },
      {
        "DATE": "2016-03-07",
        "revenue": 1588840,
        "tv_S": 0,
        "ooh_S": 0,
        "print_S": 16506.0888888889,
        "facebook_I": 0,
        "search_clicks_P": 9625.7947240607,
        "search_S": 2826.6666666667,
        "competitor_sales_B": 4996211,
        "facebook_S": 0,
        "events": "na",
        "newsletter": 8224
      },
      {
        "DATE": "2016-03-14",
        "revenue": 1605990,
        "tv_S": 19772.44,
        "ooh_S": 43994.1333333333,
        "print_S": 0,
        "facebook_I": 0,
        "search_clicks_P": 5688.4115875466,
        "search_S": 2373.3333333333,
        "competitor_sales_B": 4938630,
        "facebook_S": 0,
        "events": "na",
        "newsletter": 5311
      },
      {
        "DATE": "2016-03-21",
        "revenue": 1356010,
        "tv_S": 0,
        "ooh_S": 0,
        "print_S": 0,
        "facebook_I": 0,
        "search_clicks_P": 7036.8191175163,
        "search_S": 2293.3333333333,
        "competitor_sales_B": 4520383,
        "facebook_S": 0,
        "events": "na",
        "newsletter": 7428
      },
      {
        "DATE": "2016-03-28",
        "revenue": 2103936.6666666698,
        "tv_S": 0,
        "ooh_S": 66088.5333333333,
        "print_S": 13579.4222222223,
        "facebook_I": 26747226.487348098,
        "search_clicks_P": 6090.3817960061,
        "search_S": 2533.3333333333,
        "competitor_sales_B": 4506918,
        "facebook_S": 6471.0484051946,
        "events": "na",
        "newsletter": 10025
      },
      {
        "DATE": "2016-04-04",
        "revenue": 1120835,
        "tv_S": 0,
        "ooh_S": 0,
        "print_S": 0,
        "facebook_I": 1146392.7743075967,
        "search_clicks_P": 4636.5521979751,
        "search_S": 1906.6666666667,
        "competitor_sales_B": 3738504,
        "facebook_S": 20.8373114038,
        "events": "na",
        "newsletter": 9460
      },
      {
        "DATE": "2016-04-11",
        "revenue": 1141140,
        "tv_S": 0,
        "ooh_S": 66413.8666666667,
        "print_S": 0,
        "facebook_I": 0,
        "search_clicks_P": 4443.2572985456,
        "search_S": 1866.6666666667,
        "competitor_sales_B": 3768926,
        "facebook_S": 0,
        "events": "na",
        "newsletter": 2964
      },
      {
        "DATE": "2016-04-18",
        "revenue": 1166880,
        "tv_S": 11126.7333333333,
        "ooh_S": 0,
        "print_S": 0,
        "facebook_I": 9416454.7015246991,
        "search_clicks_P": 5696.9077760121,
        "search_S": 1786.6666666667,
        "competitor_sales_B": 3663385,
        "facebook_S": 2348.6878533048,
        "events": "na",
        "newsletter": 11663
      },
      {
        "DATE": "2016-04-25",
        "revenue": 888806.666666667,
        "tv_S": 0,
        "ooh_S": 0,
        "print_S": 0,
        "facebook_I": 0,
        "search_clicks_P": 4104.8914054991,
        "search_S": 1800,
        "competitor_sales_B": 2960479,
        "facebook_S": 0,
        "events": "na",
        "newsletter": 6317
      },
      {
        "DATE": "2016-05-02",
        "revenue": 898873.333333333,
        "tv_S": 0,
        "ooh_S": 0,
        "print_S": 12518.5777777778,
        "facebook_I": 0,
        "search_clicks_P": 3685.0144949198,
        "search_S": 1266.6666666667,
        "competitor_sales_B": 2861890,
        "facebook_S": 0,
        "events": "na",
        "newsletter": 5408
      },
      {
        "DATE": "2016-05-09",
        "revenue": 889373.333333334,
        "tv_S": 0,
        "ooh_S": 49957.8666666667,
        "print_S": 0,
        "facebook_I": 0,
        "search_clicks_P": 4422.7142375195,
        "search_S": 1426.6666666667,
        "competitor_sales_B": 2941465,
        "facebook_S": 0,
        "events": "na",
        "newsletter": 1900
      },
      {
        "DATE": "2016-05-16",
        "revenue": 1915375,
        "tv_S": 0,
        "ooh_S": 0,
        "print_S": 0,
        "facebook_I": 16918655.589452233,
        "search_clicks_P": 0,
        "search_S": 0,
        "competitor_sales_B": 3039148,
        "facebook_S": 3673.9307739778,
        "events": "na",
        "newsletter": 19401.6538461538
      },
      {
        "DATE": "2016-05-23",
        "revenue": 1006845,
        "tv_S": 0,
        "ooh_S": 124442.6666666667,
        "print_S": 0,
        "facebook_I": 0,
        "search_clicks_P": 0,
        "search_S": 0,
        "competitor_sales_B": 3292482,
        "facebook_S": 0,
        "events": "na",
        "newsletter": 19401.6538461538
      },
      {
        "DATE": "2016-05-30",
        "revenue": 869198.333333334,
        "tv_S": 0,
        "ooh_S": 0,
        "print_S": 0,
        "facebook_I": 0,
        "search_clicks_P": 4565.7875192041,
        "search_S": 1346.6666666667,
        "competitor_sales_B": 2895248,
        "facebook_S": 0,
        "events": "na",
        "newsletter": 9003
      },
      {
        "DATE": "2016-06-06",
        "revenue": 727250,
        "tv_S": 0,
        "ooh_S": 0,
        "print_S": 0,
        "facebook_I": 0,
        "search_clicks_P": 3110.3320529219,
        "search_S": 1200,
        "competitor_sales_B": 2427455,
        "facebook_S": 0,
        "events": "na",
        "newsletter": 4305
      },
      {
        "DATE": "2016-06-13",
        "revenue": 753730,
        "tv_S": 0,
        "ooh_S": 0,
        "print_S": 0,
        "facebook_I": 0,
        "search_clicks_P": 4813.3143698797,
        "search_S": 1520,
        "competitor_sales_B": 2516566,
        "facebook_S": 0,
        "events": "na",
        "newsletter": 7217
      },
      {
        "DATE": "2016-06-20",
        "revenue": 999196.666666667,
        "tv_S": 20472.3866666667,
        "ooh_S": 123908.2666666667,
        "print_S": 0,
        "facebook_I": 11151653.5519218,
        "search_clicks_P": 4475.3951223334,
        "search_S": 1626.6666666667,
        "competitor_sales_B": 3012353,
        "facebook_S": 2553.155847997,
        "events": "na",
        "newsletter": 1983
      },
      {
        "DATE": "2016-06-27",
        "revenue": 845843.333333333,
        "tv_S": 0,
        "ooh_S": 0,
        "print_S": 0,
        "facebook_I": 0,
        "search_clicks_P": 3675.0305043921,
        "search_S": 1506.6666666667,
        "competitor_sales_B": 2826660,
        "facebook_S": 0,
        "events": "na",
        "newsletter": 3437
      },
      {
        "DATE": "2016-07-04",
        "revenue": 1126016.66666667,
        "tv_S": 10121.0133333333,
        "ooh_S": 0,
        "print_S": 5168.4,
        "facebook_I": 0,
        "search_clicks_P": 4333.6584642529,
        "search_S": 1746.6666666667,
        "competitor_sales_B": 3489775,
        "facebook_S": 0,
        "events": "na",
        "newsletter": 4147
      },
      {
        "DATE": "2016-07-11",
        "revenue": 1140978.33333333,
        "tv_S": 0,
        "ooh_S": 0,
        "print_S": 0,
        "facebook_I": 0,
        "search_clicks_P": 5852.9140641525,
        "search_S": 1906.6666666667,
        "competitor_sales_B": 3807127,
        "facebook_S": 0,
        "events": "na",
        "newsletter": 8479
      },
      {
        "DATE": "2016-07-18",
        "revenue": 1242656.66666667,
        "tv_S": 1900.4133333333,
        "ooh_S": 319643.2,
        "print_S": 4780.6666666667,
        "facebook_I": 11243290.956237132,
        "search_clicks_P": 4215.5367592699,
        "search_S": 1426.6666666667,
        "competitor_sales_B": 3824504,
        "facebook_S": 3552.8149568224,
        "events": "na",
        "newsletter": 6348
      },
      {
        "DATE": "2016-07-25",
        "revenue": 1293483.33333333,
        "tv_S": 0,
        "ooh_S": 0,
        "print_S": 0,
        "facebook_I": 0,
        "search_clicks_P": 6289.9446243343,
        "search_S": 1946.6666666667,
        "competitor_sales_B": 4307032,
        "facebook_S": 0,
        "events": "na",
        "newsletter": 13762
      },
      {
        "DATE": "2016-08-01",
        "revenue": 1484843.33333333,
        "tv_S": 28180.2533333333,
        "ooh_S": 164217.0666666667,
        "print_S": 0,
        "facebook_I": 17868520.4627035,
        "search_clicks_P": 6851.7183676207,
        "search_S": 2280,
        "competitor_sales_B": 4396674,
        "facebook_S": 5102.0314157744,
        "events": "na",
        "newsletter": 11841
      },
      {
        "DATE": "2016-08-08",
        "revenue": 1485698.33333333,
        "tv_S": 0,
        "ooh_S": 0,
        "print_S": 807.7777777778,
        "facebook_I": 0,
        "search_clicks_P": 7304.3521115983,
        "search_S": 2533.3333333333,
        "competitor_sales_B": 4941143,
        "facebook_S": 0,
        "events": "na",
        "newsletter": 17162
      },
      {
        "DATE": "2016-08-15",
        "revenue": 1556608.33333333,
        "tv_S": 28630.68,
        "ooh_S": 0,
        "print_S": 0,
        "facebook_I": 5124647.2077109003,
        "search_clicks_P": 0,
        "search_S": 0,
        "competitor_sales_B": 4762083,
        "facebook_S": 1011.8776916675,
        "events": "na",
        "newsletter": 19401.6538461538
      },
      {
        "DATE": "2016-08-22",
        "revenue": 1391206.66666667,
        "tv_S": 0,
        "ooh_S": 0,
        "print_S": 13979.7333333333,
        "facebook_I": 3888055.5115467999,
        "search_clicks_P": 0,
        "search_S": 0,
        "competitor_sales_B": 4409483,
        "facebook_S": 641.8393851335,
        "events": "na",
        "newsletter": 19401.6538461538
      },
      {
        "DATE": "2016-08-29",
        "revenue": 2018783.33333333,
        "tv_S": 23991.16,
        "ooh_S": 159645.8666666667,
        "print_S": 0,
        "facebook_I": 0,
        "search_clicks_P": 9151.1797858402,
        "search_S": 3080,
        "competitor_sales_B": 6065021,
        "facebook_S": 0,
        "events": "na",
        "newsletter": 2453
      },
      {
        "DATE": "2016-09-05",
        "revenue": 2170721.6666666698,
        "tv_S": 21261.84,
        "ooh_S": 87810.1333333333,
        "print_S": 3081.3777777778,
        "facebook_I": 1293290.1215575,
        "search_clicks_P": 7270.3756618313,
        "search_S": 3173.3333333333,
        "competitor_sales_B": 6512777,
        "facebook_S": 62.7969109802,
        "events": "na",
        "newsletter": 3186
      },
      {
        "DATE": "2016-09-12",
        "revenue": 2247670,
        "tv_S": 0,
        "ooh_S": 160115.7333333333,
        "print_S": 0,
        "facebook_I": 0,
        "search_clicks_P": 10132.1663115445,
        "search_S": 3333.3333333333,
        "competitor_sales_B": 7311071,
        "facebook_S": 0,
        "events": "na",
        "newsletter": 11247
      },
      {
        "DATE": "2016-09-19",
        "revenue": 2192026.6666666698,
        "tv_S": 0,
        "ooh_S": 32694.4,
        "print_S": 25536.6222222223,
        "facebook_I": 18188032.787326567,
        "search_clicks_P": 10565.8935356575,
        "search_S": 3400,
        "competitor_sales_B": 6652807,
        "facebook_S": 4537.6180993112,
        "events": "na",
        "newsletter": 15280
      },
      {
        "DATE": "2016-09-26",
        "revenue": 1895213.33333333,
        "tv_S": 0,
        "ooh_S": 162375.4666666667,
        "print_S": 0,
        "facebook_I": 0,
        "search_clicks_P": 7473.3727165343,
        "search_S": 2973.3333333333,
        "competitor_sales_B": 6168548,
        "facebook_S": 0,
        "events": "na",
        "newsletter": 2886
      },
      {
        "DATE": "2016-10-03",
        "revenue": 2232910,
        "tv_S": 144536.64,
        "ooh_S": 121869.8666666667,
        "print_S": 9813.1555555556,
        "facebook_I": 14226512.314223034,
        "search_clicks_P": 9646.7091261875,
        "search_S": 3373.3333333333,
        "competitor_sales_B": 6395275,
        "facebook_S": 3147.1676928101,
        "events": "na",
        "newsletter": 14067
      },
      {
        "DATE": "2016-10-10",
        "revenue": 2406035,
        "tv_S": 0,
        "ooh_S": 0,
        "print_S": 10723.7777777778,
        "facebook_I": 15350219.057324668,
        "search_clicks_P": 12546.8289279689,
        "search_S": 3986.6666666667,
        "competitor_sales_B": 7711902,
        "facebook_S": 3614.1666956623,
        "events": "na",
        "newsletter": 24098
      },
      {
        "DATE": "2016-10-17",
        "revenue": 2252445,
        "tv_S": 81389.3466666667,
        "ooh_S": 29795.7333333333,
        "print_S": 0,
        "facebook_I": 20472630.806976002,
        "search_clicks_P": 12235.0207003765,
        "search_S": 3720,
        "competitor_sales_B": 6734048,
        "facebook_S": 5324.417293529,
        "events": "na",
        "newsletter": 26550
      },
      {
        "DATE": "2016-10-24",
        "revenue": 2663125,
        "tv_S": 0,
        "ooh_S": 158912.5333333333,
        "print_S": 9360.9777777778,
        "facebook_I": 21314180.087047167,
        "search_clicks_P": 10533.1317810342,
        "search_S": 4080,
        "competitor_sales_B": 8356638,
        "facebook_S": 5865.92293671,
        "events": "na",
        "newsletter": 17728
      },
      {
        "DATE": "2016-10-31",
        "revenue": 2974771.6666666698,
        "tv_S": 93994.7866666667,
        "ooh_S": 0,
        "print_S": 0,
        "facebook_I": 23921863.978681535,
        "search_clicks_P": 11553.3079938187,
        "search_S": 4893.3333333333,
        "competitor_sales_B": 8937615,
        "facebook_S": 6407.4285798911,
        "events": "na",
        "newsletter": 13989
      },
      {
        "DATE": "2016-11-07",
        "revenue": 2826128.3333333302,
        "tv_S": 0,
        "ooh_S": 142602.1333333333,
        "print_S": 11543.8222222222,
        "facebook_I": 21344437.122307967,
        "search_clicks_P": 14074.6642317623,
        "search_S": 4160,
        "competitor_sales_B": 8832206,
        "facebook_S": 6954.9446522006,
        "events": "na",
        "newsletter": 29426
      },
      {
        "DATE": "2016-11-14",
        "revenue": 3182900,
        "tv_S": 52324.3866666667,
        "ooh_S": 0,
        "print_S": 0,
        "facebook_I": 17399857.386839934,
        "search_clicks_P": 0,
        "search_S": 0,
        "competitor_sales_B": 9584624,
        "facebook_S": 5332.015383182,
        "events": "na",
        "newsletter": 19401.6538461538
      },
      {
        "DATE": "2016-11-21",
        "revenue": 2964696.6666666698,
        "tv_S": 6957.0533333333,
        "ooh_S": 145018.1333333333,
        "print_S": 7293.0666666667,
        "facebook_I": 26828516.630874932,
        "search_clicks_P": 0,
        "search_S": 0,
        "competitor_sales_B": 9029457,
        "facebook_S": 6682.0938506313,
        "events": "na",
        "newsletter": 19401.6538461538
      },
      {
        "DATE": "2016-11-28",
        "revenue": 2848525,
        "tv_S": 0,
        "ooh_S": 0,
        "print_S": 4142.9333333333,
        "facebook_I": 17912251.165884133,
        "search_clicks_P": 24651.9854412569,
        "search_S": 9533.3333333333,
        "competitor_sales_B": 9334174,
        "facebook_S": 4731.8797049173,
        "events": "na",
        "newsletter": 27941
      },
      {
        "DATE": "2016-12-05",
        "revenue": 2740160,
        "tv_S": 14254.4,
        "ooh_S": 239080.5333333333,
        "print_S": 0,
        "facebook_I": 7156642.0107451333,
        "search_clicks_P": 21707.9959767754,
        "search_S": 8400,
        "competitor_sales_B": 8234498,
        "facebook_S": 1656.4678646185,
        "events": "na",
        "newsletter": 51273
      },
      {
        "DATE": "2016-12-12",
        "revenue": 2380508.3333333302,
        "tv_S": 0,
        "ooh_S": 0,
        "print_S": 0,
        "facebook_I": 9824311.5340605993,
        "search_clicks_P": 17589.6202046075,
        "search_S": 7346.6666666667,
        "competitor_sales_B": 7904539,
        "facebook_S": 3030.3612399354,
        "events": "na",
        "newsletter": 19606
      },
      {
        "DATE": "2016-12-19",
        "revenue": 2230915,
        "tv_S": 0,
        "ooh_S": 334920,
        "print_S": 0,
        "facebook_I": 4707374.8966306336,
        "search_clicks_P": 15895.5947568563,
        "search_S": 6893.3333333333,
        "competitor_sales_B": 7127441,
        "facebook_S": 1011.8776916675,
        "events": "na",
        "newsletter": 4453
      },
      {
        "DATE": "2016-12-26",
        "revenue": 3659425,
        "tv_S": 107721.0133333333,
        "ooh_S": 0,
        "print_S": 0,
        "facebook_I": 22845683.166342665,
        "search_clicks_P": 25949.8619985573,
        "search_S": 7733.3333333333,
        "competitor_sales_B": 7730351,
        "facebook_S": 7226.548006215,
        "events": "na",
        "newsletter": 559
      },
      {
        "DATE": "2017-01-02",
        "revenue": 2827008.3333333302,
        "tv_S": 41054.3466666667,
        "ooh_S": 453696,
        "print_S": 27998.1333333333,
        "facebook_I": 19390380.070064567,
        "search_clicks_P": 19393.2805096731,
        "search_S": 7373.3333333333,
        "competitor_sales_B": 7498330,
        "facebook_S": 4281.2109246028,
        "events": "na",
        "newsletter": 46507
      },
      {
        "DATE": "2017-01-09",
        "revenue": 2042143.33333333,
        "tv_S": 0,
        "ooh_S": 0,
        "print_S": 0,
        "facebook_I": 19557226.009922098,
        "search_clicks_P": 21071.32173758,
        "search_S": 7080,
        "competitor_sales_B": 6815506,
        "facebook_S": 5472.9769568938,
        "events": "na",
        "newsletter": 21771
      },
      {
        "DATE": "2017-01-16",
        "revenue": 2113358.3333333302,
        "tv_S": 5913.2933333333,
        "ooh_S": 0,
        "print_S": 1535.6444444444,
        "facebook_I": 18679824.8726728,
        "search_clicks_P": 20637.544698338,
        "search_S": 6706.6666666667,
        "competitor_sales_B": 6701008,
        "facebook_S": 5987.7191798046,
        "events": "na",
        "newsletter": 35351
      },
      {
        "DATE": "2017-01-23",
        "revenue": 2179918.3333333302,
        "tv_S": 0,
        "ooh_S": 0,
        "print_S": 10780.9777777778,
        "facebook_I": 28919354.147985566,
        "search_clicks_P": 20461.4578462089,
        "search_S": 7000,
        "competitor_sales_B": 6998027,
        "facebook_S": 6502.4614027153,
        "events": "na",
        "newsletter": 13998
      },
      {
        "DATE": "2017-01-30",
        "revenue": 2370613.3333333302,
        "tv_S": 40244.96,
        "ooh_S": 0,
        "print_S": 0,
        "facebook_I": 20018223.311269332,
        "search_clicks_P": 22707.7042912288,
        "search_S": 7226.6666666667,
        "competitor_sales_B": 7097324,
        "facebook_S": 4280.6439029869,
        "events": "na",
        "newsletter": 27415
      },
      {
        "DATE": "2017-02-06",
        "revenue": 1814556.66666667,
        "tv_S": 0,
        "ooh_S": 0,
        "print_S": 0,
        "facebook_I": 0,
        "search_clicks_P": 14867.5892962259,
        "search_S": 5586.6666666667,
        "competitor_sales_B": 6048680,
        "facebook_S": 0,
        "events": "na",
        "newsletter": 4085
      },
      {
        "DATE": "2017-02-13",
        "revenue": 1951668.33333333,
        "tv_S": 0,
        "ooh_S": 127723.7333333333,
        "print_S": 0,
        "facebook_I": 29401726.174486335,
        "search_clicks_P": 0,
        "search_S": 0,
        "competitor_sales_B": 6290401,
        "facebook_S": 8260.4552206404,
        "events": "na",
        "newsletter": 19401.6538461538
      },
      {
        "DATE": "2017-02-20",
        "revenue": 1918238.33333333,
        "tv_S": 0,
        "ooh_S": 0,
        "print_S": 10691.0222222222,
        "facebook_I": 0,
        "search_clicks_P": 0,
        "search_S": 0,
        "competitor_sales_B": 6137639,
        "facebook_S": 0,
        "events": "na",
        "newsletter": 19401.6538461538
      },
      {
        "DATE": "2017-02-27",
        "revenue": 1472390,
        "tv_S": 0,
        "ooh_S": 0,
        "print_S": 0,
        "facebook_I": 47563966.078947663,
        "search_clicks_P": 12513.0683056195,
        "search_S": 4506.6666666667,
        "competitor_sales_B": 4802056,
        "facebook_S": 13900.6192339616,
        "events": "na",
        "newsletter": 26556
      },
      {
        "DATE": "2017-03-06",
        "revenue": 1477865,
        "tv_S": 0,
        "ooh_S": 0,
        "print_S": 14027.7777777777,
        "facebook_I": 0,
        "search_clicks_P": 15487.6644036965,
        "search_S": 4666.6666666667,
        "competitor_sales_B": 4688746,
        "facebook_S": 0,
        "events": "na",
        "newsletter": 12272
      },
      {
        "DATE": "2017-03-13",
        "revenue": 1300166.66666667,
        "tv_S": 10360.88,
        "ooh_S": 0,
        "print_S": 0,
        "facebook_I": 0,
        "search_clicks_P": 13732.6730681545,
        "search_S": 4213.3333333333,
        "competitor_sales_B": 4119318,
        "facebook_S": 0,
        "events": "na",
        "newsletter": 25992
      },
      {
        "DATE": "2017-03-20",
        "revenue": 1160205,
        "tv_S": 0,
        "ooh_S": 0,
        "print_S": 19853.8222222223,
        "facebook_I": 0,
        "search_clicks_P": 9934.7728391721,
        "search_S": 3773.3333333333,
        "competitor_sales_B": 3618373,
        "facebook_S": 0,
        "events": "na",
        "newsletter": 22696
      },
      {
        "DATE": "2017-03-27",
        "revenue": 1356871.66666667,
        "tv_S": 0,
        "ooh_S": 24476.2666666667,
        "print_S": 0,
        "facebook_I": 10382426.806595167,
        "search_clicks_P": 15300.7433088264,
        "search_S": 4800,
        "competitor_sales_B": 4476843,
        "facebook_S": 2615.8684387152,
        "events": "na",
        "newsletter": 26404
      },
      {
        "DATE": "2017-04-03",
        "revenue": 1355833.33333333,
        "tv_S": 0,
        "ooh_S": 0,
        "print_S": 0,
        "facebook_I": 0,
        "search_clicks_P": 10658.6001230986,
        "search_S": 4560,
        "competitor_sales_B": 4523389,
        "facebook_S": 0,
        "events": "na",
        "newsletter": 1245
      },
      {
        "DATE": "2017-04-10",
        "revenue": 1176266.66666667,
        "tv_S": 0,
        "ooh_S": 500361.6,
        "print_S": 0,
        "facebook_I": 0,
        "search_clicks_P": 8488.5495549922,
        "search_S": 3666.6666666667,
        "competitor_sales_B": 3711150,
        "facebook_S": 0,
        "events": "na",
        "newsletter": 1126
      },
      {
        "DATE": "2017-04-17",
        "revenue": 1955281.66666667,
        "tv_S": 7469.0533333333,
        "ooh_S": 0,
        "print_S": 0,
        "facebook_I": 0,
        "search_clicks_P": 9083.8344655543,
        "search_S": 3546.6666666667,
        "competitor_sales_B": 3057885,
        "facebook_S": 0,
        "events": "na",
        "newsletter": 11966
      },
      {
        "DATE": "2017-04-24",
        "revenue": 1029928.33333333,
        "tv_S": 0,
        "ooh_S": 296154.6666666667,
        "print_S": 0,
        "facebook_I": 0,
        "search_clicks_P": 8713.8204714904,
        "search_S": 3266.6666666667,
        "competitor_sales_B": 3309344,
        "facebook_S": 0,
        "events": "na",
        "newsletter": 17897
      },
      {
        "DATE": "2017-05-01",
        "revenue": 2263143.3333333302,
        "tv_S": 36622.92,
        "ooh_S": 0,
        "print_S": 0,
        "facebook_I": 0,
        "search_clicks_P": 7393.3460846078,
        "search_S": 2600,
        "competitor_sales_B": 2826863,
        "facebook_S": 0,
        "events": "na",
        "newsletter": 6052
      },
      {
        "DATE": "2017-05-08",
        "revenue": 813771.666666667,
        "tv_S": 0,
        "ooh_S": 306346.1333333334,
        "print_S": 0,
        "facebook_I": 0,
        "search_clicks_P": 6175.2052556258,
        "search_S": 2680,
        "competitor_sales_B": 2604828,
        "facebook_S": 0,
        "events": "na",
        "newsletter": 9055
      },
      {
        "DATE": "2017-05-15",
        "revenue": 880871.666666667,
        "tv_S": 0,
        "ooh_S": 0,
        "print_S": 0,
        "facebook_I": 0,
        "search_clicks_P": 0,
        "search_S": 0,
        "competitor_sales_B": 2940496,
        "facebook_S": 0,
        "events": "na",
        "newsletter": 19401.6538461538
      },
      {
        "DATE": "2017-05-22",
        "revenue": 919185,
        "tv_S": 0,
        "ooh_S": 41006.4,
        "print_S": 0,
        "facebook_I": 15447367.011541501,
        "search_clicks_P": 0,
        "search_S": 0,
        "competitor_sales_B": 3024982,
        "facebook_S": 3978.5347860374,
        "events": "na",
        "newsletter": 19401.6538461538
      },
      {
        "DATE": "2017-05-29",
        "revenue": 826321.666666667,
        "tv_S": 0,
        "ooh_S": 0,
        "print_S": 7174.7111111111,
        "facebook_I": 0,
        "search_clicks_P": 6193.3643033728,
        "search_S": 2173.3333333333,
        "competitor_sales_B": 2681061,
        "facebook_S": 0,
        "events": "na",
        "newsletter": 5778
      },
      {
        "DATE": "2017-06-05",
        "revenue": 833798.333333333,
        "tv_S": 9125.4666666667,
        "ooh_S": 42486.9333333333,
        "print_S": 0,
        "facebook_I": 12831813.973449133,
        "search_clicks_P": 6252.9041434871,
        "search_S": 2680,
        "competitor_sales_B": 2609725,
        "facebook_S": 3092.053191745,
        "events": "na",
        "newsletter": 1988
      },
      {
        "DATE": "2017-06-12",
        "revenue": 746271.666666667,
        "tv_S": 0,
        "ooh_S": 0,
        "print_S": 0,
        "facebook_I": 0,
        "search_clicks_P": 7354.0876549048,
        "search_S": 2226.6666666667,
        "competitor_sales_B": 2487079,
        "facebook_S": 0,
        "events": "na",
        "newsletter": 4794
      },
      {
        "DATE": "2017-06-19",
        "revenue": 1036406.66666667,
        "tv_S": 36259.68,
        "ooh_S": 0,
        "print_S": 0,
        "facebook_I": 1096202.7566056934,
        "search_clicks_P": 8925.8675255813,
        "search_S": 3173.3333333333,
        "competitor_sales_B": 3149223,
        "facebook_S": 31.2705091363,
        "events": "na",
        "newsletter": 5180
      },
      {
        "DATE": "2017-06-26",
        "revenue": 927931.666666667,
        "tv_S": 0,
        "ooh_S": 158632,
        "print_S": 4659.4222222222,
        "facebook_I": 0,
        "search_clicks_P": 6929.781939555,
        "search_S": 2666.6666666667,
        "competitor_sales_B": 2963072,
        "facebook_S": 0,
        "events": "na",
        "newsletter": 1048
      },
      {
        "DATE": "2017-07-03",
        "revenue": 1126943.33333333,
        "tv_S": 4560.76,
        "ooh_S": 0,
        "print_S": 9573.0666666667,
        "facebook_I": 25039209.394551564,
        "search_clicks_P": 12648.1549625052,
        "search_S": 3786.6666666667,
        "competitor_sales_B": 3485135,
        "facebook_S": 6650.1138314947,
        "events": "na",
        "newsletter": 10977
      },
      {
        "DATE": "2017-07-10",
        "revenue": 1184220,
        "tv_S": 0,
        "ooh_S": 0,
        "print_S": 0,
        "facebook_I": 0,
        "search_clicks_P": 11853.19284099,
        "search_S": 3720,
        "competitor_sales_B": 3950566,
        "facebook_S": 0,
        "events": "na",
        "newsletter": 6813
      },
      {
        "DATE": "2017-07-17",
        "revenue": 1315508.33333333,
        "tv_S": 9863.8,
        "ooh_S": 108181.3333333333,
        "print_S": 24957.5111111111,
        "facebook_I": 0,
        "search_clicks_P": 11018.8391341867,
        "search_S": 3853.3333333333,
        "competitor_sales_B": 3800790,
        "facebook_S": 0,
        "events": "na",
        "newsletter": 2361
      },
      {
        "DATE": "2017-07-24",
        "revenue": 1279360,
        "tv_S": 0,
        "ooh_S": 0,
        "print_S": 0,
        "facebook_I": 0,
        "search_clicks_P": 11562.270481512,
        "search_S": 3866.6666666667,
        "competitor_sales_B": 4264348,
        "facebook_S": 0,
        "events": "na",
        "newsletter": 15114
      },
      {
        "DATE": "2017-07-31",
        "revenue": 1455811.66666667,
        "tv_S": 11384.92,
        "ooh_S": 205440,
        "print_S": 1452.4444444444,
        "facebook_I": 0,
        "search_clicks_P": 12679.5185106457,
        "search_S": 4533.3333333333,
        "competitor_sales_B": 4429446,
        "facebook_S": 0,
        "events": "na",
        "newsletter": 10044
      },
      {
        "DATE": "2017-08-07",
        "revenue": 1553355,
        "tv_S": 0,
        "ooh_S": 104866.1333333333,
        "print_S": 9467.2444444444,
        "facebook_I": 0,
        "search_clicks_P": 17892.0630017334,
        "search_S": 5360,
        "competitor_sales_B": 4916984,
        "facebook_S": 0,
        "events": "na",
        "newsletter": 8930
      },
      {
        "DATE": "2017-08-14",
        "revenue": 1374855,
        "tv_S": 34047.0533333333,
        "ooh_S": 0,
        "print_S": 0,
        "facebook_I": 0,
        "search_clicks_P": 0,
        "search_S": 0,
        "competitor_sales_B": 4198833,
        "facebook_S": 0,
        "events": "na",
        "newsletter": 19401.6538461538
      },
      {
        "DATE": "2017-08-21",
        "revenue": 1970110,
        "tv_S": 0,
        "ooh_S": 0,
        "print_S": 11348.1777777778,
        "facebook_I": 6440827.7377115004,
        "search_clicks_P": 0,
        "search_S": 0,
        "competitor_sales_B": 6276021,
        "facebook_S": 1342.6781023815,
        "events": "na",
        "newsletter": 19401.6538461538
      },
      {
        "DATE": "2017-08-28",
        "revenue": 2336431.6666666698,
        "tv_S": 117889.12,
        "ooh_S": 0,
        "print_S": 0,
        "facebook_I": 4742349.4953119,
        "search_clicks_P": 23445.0249066227,
        "search_S": 7000,
        "competitor_sales_B": 7010039,
        "facebook_S": 898.926985781,
        "events": "na",
        "newsletter": 33712
      },
      {
        "DATE": "2017-09-04",
        "revenue": 2002065,
        "tv_S": 0,
        "ooh_S": 0,
        "print_S": 0,
        "facebook_I": 0,
        "search_clicks_P": 14936.6081894453,
        "search_S": 6493.3333333333,
        "competitor_sales_B": 6679241,
        "facebook_S": 0,
        "events": "na",
        "newsletter": 20000
      },
      {
        "DATE": "2017-09-11",
        "revenue": 2027418.33333333,
        "tv_S": 48869.2666666667,
        "ooh_S": 150164.8,
        "print_S": 4610.3555555556,
        "facebook_I": 2703620.8110749735,
        "search_clicks_P": 15666.469342832,
        "search_S": 5586.6666666667,
        "competitor_sales_B": 5890204,
        "facebook_S": 621.7668199308,
        "events": "na",
        "newsletter": 2265
      },
      {
        "DATE": "2017-09-18",
        "revenue": 1886570,
        "tv_S": 0,
        "ooh_S": 0,
        "print_S": 0,
        "facebook_I": 0,
        "search_clicks_P": 18388.7564755976,
        "search_S": 6440,
        "competitor_sales_B": 6289814,
        "facebook_S": 0,
        "events": "na",
        "newsletter": 15924
      },
      {
        "DATE": "2017-09-25",
        "revenue": 2529721.6666666698,
        "tv_S": 83663.84,
        "ooh_S": 144563.7333333333,
        "print_S": 0,
        "facebook_I": 10559520.827648001,
        "search_clicks_P": 24332.8536359244,
        "search_S": 7640,
        "competitor_sales_B": 7410667,
        "facebook_S": 2529.0007271599,
        "events": "na",
        "newsletter": 24336
      },
      {
        "DATE": "2017-10-02",
        "revenue": 2357930,
        "tv_S": 111304.4533333333,
        "ooh_S": 58363.2,
        "print_S": 0,
        "facebook_I": 0,
        "search_clicks_P": 23226.6112532117,
        "search_S": 7346.6666666667,
        "competitor_sales_B": 7799073,
        "facebook_S": 0,
        "events": "na",
        "newsletter": 29510
      },
      {
        "DATE": "2017-10-09",
        "revenue": 3003391.6666666698,
        "tv_S": 44637.7866666667,
        "ooh_S": 327236.2666666667,
        "print_S": 18504.9333333333,
        "facebook_I": 19360866.761464667,
        "search_clicks_P": 18431.1192651512,
        "search_S": 8013.3333333333,
        "competitor_sales_B": 8147766,
        "facebook_S": 5348.5724143662,
        "events": "na",
        "newsletter": 15458
      },
      {
        "DATE": "2017-10-16",
        "revenue": 2283685,
        "tv_S": 0,
        "ooh_S": 0,
        "print_S": 0,
        "facebook_I": 14937395.767768366,
        "search_clicks_P": 24254.9436575539,
        "search_S": 7586.6666666667,
        "competitor_sales_B": 7617066,
        "facebook_S": 4190.3740617362,
        "events": "na",
        "newsletter": 43966
      },
      {
        "DATE": "2017-10-23",
        "revenue": 2584721.6666666698,
        "tv_S": 44360.5066666667,
        "ooh_S": 46091.2,
        "print_S": 0,
        "facebook_I": 21426849.002826966,
        "search_clicks_P": 23115.8437246922,
        "search_S": 7920,
        "competitor_sales_B": 7756047,
        "facebook_S": 4731.8797049173,
        "events": "na",
        "newsletter": 35016
      },
      {
        "DATE": "2017-10-30",
        "revenue": 2565400,
        "tv_S": 4645.2266666667,
        "ooh_S": 0,
        "print_S": 0,
        "facebook_I": 22344988.141388334,
        "search_clicks_P": 24376.7103916034,
        "search_S": 8466.6666666667,
        "competitor_sales_B": 8307903,
        "facebook_S": 5273.3853480983,
        "events": "na",
        "newsletter": 4749
      },
      {
        "DATE": "2017-11-06",
        "revenue": 3407085,
        "tv_S": 21149.0133333333,
        "ooh_S": 318524.2666666667,
        "print_S": 23039.9111111111,
        "facebook_I": 13314676.788687468,
        "search_clicks_P": 26330.239038604,
        "search_S": 9826.6666666667,
        "competitor_sales_B": 9283504,
        "facebook_S": 3552.8149568224,
        "events": "na",
        "newsletter": 25943
      },
      {
        "DATE": "2017-11-13",
        "revenue": 2803291.6666666698,
        "tv_S": 0,
        "ooh_S": 0,
        "print_S": 0,
        "facebook_I": 31890945.169559669,
        "search_clicks_P": 0,
        "search_S": 0,
        "competitor_sales_B": 9355428,
        "facebook_S": 7600.1018467675,
        "events": "na",
        "newsletter": 19401.6538461538
      },
      {
        "DATE": "2017-11-20",
        "revenue": 3303155,
        "tv_S": 55227.3333333333,
        "ooh_S": 105305.0666666667,
        "print_S": 1346.0888888889,
        "facebook_I": 12195879.351824535,
        "search_clicks_P": 0,
        "search_S": 0,
        "competitor_sales_B": 9662004,
        "facebook_S": 3279.964155253,
        "events": "na",
        "newsletter": 19401.6538461538
      },
      {
        "DATE": "2017-11-27",
        "revenue": 3103743.3333333302,
        "tv_S": 0,
        "ooh_S": 0,
        "print_S": 9601.7777777778,
        "facebook_I": 11842611.303908998,
        "search_clicks_P": 36905.9678991637,
        "search_S": 15013.3333333333,
        "competitor_sales_B": 9984742,
        "facebook_S": 2463.7932413318,
        "events": "na",
        "newsletter": 41469
      },
      {
        "DATE": "2017-12-04",
        "revenue": 2793875,
        "tv_S": 28923.5466666667,
        "ooh_S": 87842.1333333333,
        "print_S": 0,
        "facebook_I": 7493271.2079654336,
        "search_clicks_P": 30409.8062367799,
        "search_S": 12733.3333333333,
        "competitor_sales_B": 8430013,
        "facebook_S": 1656.4678646185,
        "events": "na",
        "newsletter": 16136
      },
      {
        "DATE": "2017-12-11",
        "revenue": 2260396.6666666698,
        "tv_S": 0,
        "ooh_S": 0,
        "print_S": 0,
        "facebook_I": 10472084.574890133,
        "search_clicks_P": 27236.329063323,
        "search_S": 11120,
        "competitor_sales_B": 7544173,
        "facebook_S": 3030.3612399354,
        "events": "na",
        "newsletter": 37784
      },
      {
        "DATE": "2017-12-18",
        "revenue": 2399176.6666666698,
        "tv_S": 63749.0533333333,
        "ooh_S": 91841.6,
        "print_S": 0,
        "facebook_I": 4846725.4283130327,
        "search_clicks_P": 32468.9839755883,
        "search_S": 11666.6666666667,
        "competitor_sales_B": 7267249,
        "facebook_S": 1011.8776916675,
        "events": "na",
        "newsletter": 43251
      },
      {
        "DATE": "2017-12-25",
        "revenue": 3827520,
        "tv_S": 90415.72,
        "ooh_S": 0,
        "print_S": 15034.4444444444,
        "facebook_I": 23016416.072151396,
        "search_clicks_P": 30009.8933476373,
        "search_S": 10080,
        "competitor_sales_B": 6834014,
        "facebook_S": 7226.548006215,
        "events": "na",
        "newsletter": 57523
      },
      {
        "DATE": "2018-01-01",
        "revenue": 3109461.6666666698,
        "tv_S": 0,
        "ooh_S": 0,
        "print_S": 5291.6888888889,
        "facebook_I": 14403508.974559367,
        "search_clicks_P": 33305.9585773386,
        "search_S": 10653.3333333333,
        "competitor_sales_B": 6891431,
        "facebook_S": 4281.2109246028,
        "events": "na",
        "newsletter": 77617
      },
      {
        "DATE": "2018-01-08",
        "revenue": 2228128.3333333302,
        "tv_S": 0,
        "ooh_S": 3947.2,
        "print_S": 0,
        "facebook_I": 22268248.093473967,
        "search_clicks_P": 33849.8109116647,
        "search_S": 10840,
        "competitor_sales_B": 7355344,
        "facebook_S": 5472.9769568938,
        "events": "na",
        "newsletter": 74527
      },
      {
        "DATE": "2018-01-15",
        "revenue": 2202593.3333333302,
        "tv_S": 39089.24,
        "ooh_S": 0,
        "print_S": 15480.6666666667,
        "facebook_I": 0,
        "search_clicks_P": 31966.3239607471,
        "search_S": 10080,
        "competitor_sales_B": 6360391,
        "facebook_S": 0,
        "events": "na",
        "newsletter": 10394
      },
      {
        "DATE": "2018-01-22",
        "revenue": 1918293.33333333,
        "tv_S": 0,
        "ooh_S": 56811.2,
        "print_S": 19347.4222222223,
        "facebook_I": 0,
        "search_clicks_P": 22464.5871201724,
        "search_S": 9226.6666666667,
        "competitor_sales_B": 5937052,
        "facebook_S": 0,
        "events": "na",
        "newsletter": 9740
      },
      {
        "DATE": "2018-01-29",
        "revenue": 1862458.33333333,
        "tv_S": 25169.2,
        "ooh_S": 0,
        "print_S": 0,
        "facebook_I": 0,
        "search_clicks_P": 25438.5119843879,
        "search_S": 8960,
        "competitor_sales_B": 5721235,
        "facebook_S": 0,
        "events": "na",
        "newsletter": 13533
      },
      {
        "DATE": "2018-02-05",
        "revenue": 1975951.66666667,
        "tv_S": 0,
        "ooh_S": 0,
        "print_S": 4746.8,
        "facebook_I": 2966401.3477346529,
        "search_clicks_P": 32276.283774587,
        "search_S": 10613.3333333333,
        "competitor_sales_B": 6467565,
        "facebook_S": 472.9803479196,
        "events": "na",
        "newsletter": 56102
      },
      {
        "DATE": "2018-02-12",
        "revenue": 1827318.33333333,
        "tv_S": 9165.2133333333,
        "ooh_S": 54185.6,
        "print_S": 0,
        "facebook_I": 0,
        "search_clicks_P": 0,
        "search_S": 0,
        "competitor_sales_B": 5749120,
        "facebook_S": 0,
        "events": "na",
        "newsletter": 19401.6538461538
      },
      {
        "DATE": "2018-02-19",
        "revenue": 1656268.33333333,
        "tv_S": 0,
        "ooh_S": 0,
        "print_S": 6311.4222222222,
        "facebook_I": 0,
        "search_clicks_P": 0,
        "search_S": 0,
        "competitor_sales_B": 5389739,
        "facebook_S": 0,
        "events": "na",
        "newsletter": 19401.6538461538
      },
      {
        "DATE": "2018-02-26",
        "revenue": 1703790,
        "tv_S": 12356.1066666667,
        "ooh_S": 56171.2,
        "print_S": 10002.8,
        "facebook_I": 0,
        "search_clicks_P": 25169.620752354,
        "search_S": 7413.3333333333,
        "competitor_sales_B": 5114017,
        "facebook_S": 0,
        "events": "na",
        "newsletter": 19325
      },
      {
        "DATE": "2018-03-05",
        "revenue": 1488115,
        "tv_S": 0,
        "ooh_S": 0,
        "print_S": 0,
        "facebook_I": 0,
        "search_clicks_P": 22794.6813986792,
        "search_S": 7360,
        "competitor_sales_B": 4961257,
        "facebook_S": 0,
        "events": "na",
        "newsletter": 18078
      },
      {
        "DATE": "2018-03-12",
        "revenue": 1727330,
        "tv_S": 53120.2533333333,
        "ooh_S": 90604.2666666667,
        "print_S": 20486.8,
        "facebook_I": 0,
        "search_clicks_P": 18269.5785913151,
        "search_S": 7080,
        "competitor_sales_B": 4823884,
        "facebook_S": 0,
        "events": "na",
        "newsletter": 8711
      },
      {
        "DATE": "2018-03-19",
        "revenue": 1208246.66666667,
        "tv_S": 0,
        "ooh_S": 0,
        "print_S": 0,
        "facebook_I": 0,
        "search_clicks_P": 17809.8977351639,
        "search_S": 5960,
        "competitor_sales_B": 4036244,
        "facebook_S": 0,
        "events": "na",
        "newsletter": 12979
      },
      {
        "DATE": "2018-03-26",
        "revenue": 1388960,
        "tv_S": 19743.84,
        "ooh_S": 81915.2,
        "print_S": 2989.1555555556,
        "facebook_I": 0,
        "search_clicks_P": 14740.790069662,
        "search_S": 6333.3333333333,
        "competitor_sales_B": 4191403,
        "facebook_S": 0,
        "events": "na",
        "newsletter": 23910
      },
      {
        "DATE": "2018-04-02",
        "revenue": 2408331.6666666698,
        "tv_S": 0,
        "ooh_S": 0,
        "print_S": 0,
        "facebook_I": 0,
        "search_clicks_P": 18466.6799358092,
        "search_S": 5520,
        "competitor_sales_B": 3583995,
        "facebook_S": 0,
        "events": "na",
        "newsletter": 10567
      },
      {
        "DATE": "2018-04-09",
        "revenue": 1131721.66666667,
        "tv_S": 0,
        "ooh_S": 11257.6,
        "print_S": 0,
        "facebook_I": 0,
        "search_clicks_P": 18498.1205239543,
        "search_S": 5973.3333333333,
        "competitor_sales_B": 3771321,
        "facebook_S": 0,
        "events": "na",
        "newsletter": 41329
      },
      {
        "DATE": "2018-04-16",
        "revenue": 950015,
        "tv_S": 0,
        "ooh_S": 0,
        "print_S": 0,
        "facebook_I": 7003770.7600109326,
        "search_clicks_P": 16808.5217532585,
        "search_S": 4973.3333333333,
        "competitor_sales_B": 3167512,
        "facebook_S": 2113.2604783846,
        "events": "na",
        "newsletter": 21616
      },
      {
        "DATE": "2018-04-23",
        "revenue": 801298.333333333,
        "tv_S": 0,
        "ooh_S": 158353.6,
        "print_S": 0,
        "facebook_I": 0,
        "search_clicks_P": 12274.6903112624,
        "search_S": 3693.3333333333,
        "competitor_sales_B": 2604407,
        "facebook_S": 0,
        "events": "na",
        "newsletter": 2529
      },
      {
        "DATE": "2018-04-30",
        "revenue": 779838.333333334,
        "tv_S": 0,
        "ooh_S": 0,
        "print_S": 0,
        "facebook_I": 48661981.684228003,
        "search_clicks_P": 9551.5423899516,
        "search_S": 3173.3333333333,
        "competitor_sales_B": 2549137,
        "facebook_S": 12800.5972991227,
        "events": "na",
        "newsletter": 6836
      },
      {
        "DATE": "2018-05-07",
        "revenue": 889546.666666667,
        "tv_S": 0,
        "ooh_S": 59674.1333333333,
        "print_S": 0,
        "facebook_I": 0,
        "search_clicks_P": 15194.0923128355,
        "search_S": 4720,
        "competitor_sales_B": 2937422,
        "facebook_S": 0,
        "events": "na",
        "newsletter": 330
      },
      {
        "DATE": "2018-05-14",
        "revenue": 862850,
        "tv_S": 0,
        "ooh_S": 0,
        "print_S": 6803.6444444444,
        "facebook_I": 48377013.283608668,
        "search_clicks_P": 0,
        "search_S": 0,
        "competitor_sales_B": 2752045,
        "facebook_S": 13040.4474426468,
        "events": "na",
        "newsletter": 19401.6538461538
      },
      {
        "DATE": "2018-05-21",
        "revenue": 2601601.6666666698,
        "tv_S": 947.1066666667,
        "ooh_S": 26288.5333333333,
        "print_S": 0,
        "facebook_I": 0,
        "search_clicks_P": 0,
        "search_S": 0,
        "competitor_sales_B": 3080867,
        "facebook_S": 0,
        "events": "event1",
        "newsletter": 19401.6538461538
      },
      {
        "DATE": "2018-05-28",
        "revenue": 905008.333333334,
        "tv_S": 0,
        "ooh_S": 0,
        "print_S": 4205.4222222222,
        "facebook_I": 4956890.7460019672,
        "search_clicks_P": 12663.5104559052,
        "search_S": 4640,
        "competitor_sales_B": 2957153,
        "facebook_S": 1009.042583588,
        "events": "na",
        "newsletter": 28568
      },
      {
        "DATE": "2018-06-04",
        "revenue": 910551.666666667,
        "tv_S": 0,
        "ooh_S": 0,
        "print_S": 0,
        "facebook_I": 0,
        "search_clicks_P": 16079.2886873397,
        "search_S": 4720,
        "competitor_sales_B": 3035519,
        "facebook_S": 0,
        "events": "na",
        "newsletter": 26708
      },
      {
        "DATE": "2018-06-11",
        "revenue": 923853.333333333,
        "tv_S": 8314.68,
        "ooh_S": 0,
        "print_S": 5424.6666666667,
        "facebook_I": 0,
        "search_clicks_P": 10628.7399063469,
        "search_S": 4533.3333333333,
        "competitor_sales_B": 2885659,
        "facebook_S": 0,
        "events": "na",
        "newsletter": 7675
      },
      {
        "DATE": "2018-06-18",
        "revenue": 982420,
        "tv_S": 0,
        "ooh_S": 17462.9333333333,
        "print_S": 0,
        "facebook_I": 0,
        "search_clicks_P": 16028.6312039942,
        "search_S": 5413.3333333333,
        "competitor_sales_B": 3263336,
        "facebook_S": 0,
        "events": "na",
        "newsletter": 23355
      },
      {
        "DATE": "2018-06-25",
        "revenue": 1056811.66666667,
        "tv_S": 0,
        "ooh_S": 0,
        "print_S": 10384.1333333333,
        "facebook_I": 13068806.191923099,
        "search_clicks_P": 13249.2323365062,
        "search_S": 5160,
        "competitor_sales_B": 3369140,
        "facebook_S": 3756.9427385451,
        "events": "na",
        "newsletter": 16989
      },
      {
        "DATE": "2018-07-02",
        "revenue": 932326.666666667,
        "tv_S": 14621.9466666667,
        "ooh_S": 168101.3333333333,
        "print_S": 0,
        "facebook_I": 0,
        "search_clicks_P": 10623.452379865,
        "search_S": 3933.3333333333,
        "competitor_sales_B": 2839892,
        "facebook_S": 0,
        "events": "na",
        "newsletter": 14653
      },
      {
        "DATE": "2018-07-09",
        "revenue": 1126221.66666667,
        "tv_S": 0,
        "ooh_S": 0,
        "print_S": 11487.9111111111,
        "facebook_I": 34236690.581859671,
        "search_clicks_P": 14455.8407581877,
        "search_S": 5186.6666666667,
        "competitor_sales_B": 3555964,
        "facebook_S": 8079.8021338158,
        "events": "na",
        "newsletter": 15143
      },
      {
        "DATE": "2018-07-16",
        "revenue": 1140006.66666667,
        "tv_S": 8855.7866666667,
        "ooh_S": 59517.8666666667,
        "print_S": 0,
        "facebook_I": 0,
        "search_clicks_P": 15286.7098639836,
        "search_S": 5146.6666666667,
        "competitor_sales_B": 3590008,
        "facebook_S": 0,
        "events": "na",
        "newsletter": 9013
      },
      {
        "DATE": "2018-07-23",
        "revenue": 1479303.33333333,
        "tv_S": 9728.8933333333,
        "ooh_S": 0,
        "print_S": 5172.6666666667,
        "facebook_I": 0,
        "search_clicks_P": 15790.12289724,
        "search_S": 6920,
        "competitor_sales_B": 4606123,
        "facebook_S": 0,
        "events": "na",
        "newsletter": 22477
      },
      {
        "DATE": "2018-07-30",
        "revenue": 1647193.33333333,
        "tv_S": 0,
        "ooh_S": 0,
        "print_S": 0,
        "facebook_I": 0,
        "search_clicks_P": 25944.3325242028,
        "search_S": 7746.6666666667,
        "competitor_sales_B": 5494567,
        "facebook_S": 0,
        "events": "na",
        "newsletter": 8906
      },
      {
        "DATE": "2018-08-06",
        "revenue": 2009478.33333333,
        "tv_S": 13041.4933333333,
        "ooh_S": 92574.4,
        "print_S": 7200.1333333333,
        "facebook_I": 0,
        "search_clicks_P": 25628.492183603,
        "search_S": 8773.3333333333,
        "competitor_sales_B": 6045317,
        "facebook_S": 0,
        "events": "na",
        "newsletter": 59318
      },
      {
        "DATE": "2018-08-13",
        "revenue": 1523443.33333333,
        "tv_S": 0,
        "ooh_S": 0,
        "print_S": 0,
        "facebook_I": 18207358.699184831,
        "search_clicks_P": 0,
        "search_S": 0,
        "competitor_sales_B": 5035305,
        "facebook_S": 4450.7503877559,
        "events": "na",
        "newsletter": 19401.6538461538
      },
      {
        "DATE": "2018-08-20",
        "revenue": 1420118.33333333,
        "tv_S": 61563.12,
        "ooh_S": 106432,
        "print_S": 0,
        "facebook_I": 0,
        "search_clicks_P": 0,
        "search_S": 0,
        "competitor_sales_B": 4208615,
        "facebook_S": 0,
        "events": "na",
        "newsletter": 19401.6538461538
      },
      {
        "DATE": "2018-08-27",
        "revenue": 1673551.66666667,
        "tv_S": 0,
        "ooh_S": 0,
        "print_S": 0,
        "facebook_I": 14621474.4848198,
        "search_clicks_P": 27411.1748394789,
        "search_S": 8586.6666666667,
        "competitor_sales_B": 5541654,
        "facebook_S": 4508.4731882541,
        "events": "na",
        "newsletter": 48020
      },
      {
        "DATE": "2018-09-03",
        "revenue": 2061091.66666667,
        "tv_S": 11661.4133333333,
        "ooh_S": 68213.3333333333,
        "print_S": 772.4444444444,
        "facebook_I": 0,
        "search_clicks_P": 31195.6951985757,
        "search_S": 9733.3333333333,
        "competitor_sales_B": 6397383,
        "facebook_S": 0,
        "events": "na",
        "newsletter": 70855
      },
      {
        "DATE": "2018-09-10",
        "revenue": 2144110,
        "tv_S": 0,
        "ooh_S": 0,
        "print_S": 536,
        "facebook_I": 0,
        "search_clicks_P": 30301.0171558242,
        "search_S": 10506.6666666667,
        "competitor_sales_B": 7137648,
        "facebook_S": 0,
        "events": "na",
        "newsletter": 46225
      },
      {
        "DATE": "2018-09-17",
        "revenue": 2058653.33333333,
        "tv_S": 0,
        "ooh_S": 46120.5333333333,
        "print_S": 9685.0666666667,
        "facebook_I": 13801981.780727699,
        "search_clicks_P": 31338.5629591066,
        "search_S": 9360,
        "competitor_sales_B": 6541298,
        "facebook_S": 3402.8944415794,
        "events": "na",
        "newsletter": 74995
      },
      {
        "DATE": "2018-09-24",
        "revenue": 2208345,
        "tv_S": 887.9333333333,
        "ooh_S": 29320,
        "print_S": 0,
        "facebook_I": 0,
        "search_clicks_P": 32265.167943233,
        "search_S": 10893.3333333333,
        "competitor_sales_B": 7283453,
        "facebook_S": 0,
        "events": "na",
        "newsletter": 1047
      },
      {
        "DATE": "2018-10-01",
        "revenue": 2603008.3333333302,
        "tv_S": 156703.44,
        "ooh_S": 26227.2,
        "print_S": 2698.4444444444,
        "facebook_I": 3798040.606992567,
        "search_clicks_P": 35375.6649126843,
        "search_S": 12346.6666666667,
        "competitor_sales_B": 7884994,
        "facebook_S": 916.8448688433,
        "events": "na",
        "newsletter": 34469
      },
      {
        "DATE": "2018-10-08",
        "revenue": 2313193.3333333302,
        "tv_S": 0,
        "ooh_S": 0,
        "print_S": 2589.8222222222,
        "facebook_I": 6774055.5459360331,
        "search_clicks_P": 36422.3840879897,
        "search_S": 11493.3333333333,
        "competitor_sales_B": 7610669,
        "facebook_S": 2015.8461647736,
        "events": "na",
        "newsletter": 22232
      },
      {
        "DATE": "2018-10-15",
        "revenue": 2813106.6666666698,
        "tv_S": 44489.52,
        "ooh_S": 63107.2,
        "print_S": 1039.1111111111,
        "facebook_I": 11921024.3416382,
        "search_clicks_P": 30446.7250425369,
        "search_S": 12760,
        "competitor_sales_B": 8364119,
        "facebook_S": 2442.5866328973,
        "events": "na",
        "newsletter": 49409
      },
      {
        "DATE": "2018-10-22",
        "revenue": 2665110,
        "tv_S": 0,
        "ooh_S": 0,
        "print_S": 0,
        "facebook_I": 0,
        "search_clicks_P": 32520.1884579534,
        "search_S": 13493.3333333333,
        "competitor_sales_B": 8898789,
        "facebook_S": 0,
        "events": "na",
        "newsletter": 49575
      },
      {
        "DATE": "2018-10-29",
        "revenue": 2947875,
        "tv_S": 25289.9733333333,
        "ooh_S": 0,
        "print_S": 2128.1333333333,
        "facebook_I": 30516389.596437264,
        "search_clicks_P": 40913.5492475043,
        "search_S": 13800,
        "competitor_sales_B": 8887808,
        "facebook_S": 7931.8094920669,
        "events": "na",
        "newsletter": 42276
      },
      {
        "DATE": "2018-11-05",
        "revenue": 2768941.6666666698,
        "tv_S": 0,
        "ooh_S": 145392,
        "print_S": 1455.5111111111,
        "facebook_I": 0,
        "search_clicks_P": 39521.572610573,
        "search_S": 14053.3333333333,
        "competitor_sales_B": 8982377,
        "facebook_S": 0,
        "events": "na",
        "newsletter": 25332
      },
      {
        "DATE": "2018-11-12",
        "revenue": 2666240,
        "tv_S": 57350.92,
        "ooh_S": 0,
        "print_S": 0,
        "facebook_I": 39020754.602352671,
        "search_clicks_P": 0,
        "search_S": 0,
        "competitor_sales_B": 7958631,
        "facebook_S": 8728.4748624013,
        "events": "na",
        "newsletter": 19401.6538461538
      },
      {
        "DATE": "2018-11-19",
        "revenue": 2559550,
        "tv_S": 0,
        "ooh_S": 47053.3333333333,
        "print_S": 0,
        "facebook_I": 0,
        "search_clicks_P": 0,
        "search_S": 0,
        "competitor_sales_B": 8467716,
        "facebook_S": 0,
        "events": "na",
        "newsletter": 19401.6538461538
      },
      {
        "DATE": "2018-11-26",
        "revenue": 2653766.6666666698,
        "tv_S": 53525.2,
        "ooh_S": 0,
        "print_S": 15129.4666666667,
        "facebook_I": 21917216.957350131,
        "search_clicks_P": 52188.1282144227,
        "search_S": 16000,
        "competitor_sales_B": 7536793,
        "facebook_S": 7003.5951068445,
        "events": "na",
        "newsletter": 301
      },
      {
        "DATE": "2018-12-03",
        "revenue": 2144703.3333333302,
        "tv_S": 0,
        "ooh_S": 53558.9333333333,
        "print_S": 0,
        "facebook_I": 0,
        "search_clicks_P": 38041.1715080263,
        "search_S": 13986.6666666667,
        "competitor_sales_B": 7097277,
        "facebook_S": 0,
        "events": "na",
        "newsletter": 34832
      },
      {
        "DATE": "2018-12-10",
        "revenue": 2451681.6666666698,
        "tv_S": 0,
        "ooh_S": 0,
        "print_S": 6282.6666666667,
        "facebook_I": 0,
        "search_clicks_P": 50607.6691067817,
        "search_S": 15773.3333333333,
        "competitor_sales_B": 7989344,
        "facebook_S": 0,
        "events": "na",
        "newsletter": 68792
      },
      {
        "DATE": "2018-12-17",
        "revenue": 2469486.6666666698,
        "tv_S": 0,
        "ooh_S": 15363.7333333333,
        "print_S": 0,
        "facebook_I": 0,
        "search_clicks_P": 38023.9761183813,
        "search_S": 15546.6666666667,
        "competitor_sales_B": 8215719,
        "facebook_S": 0,
        "events": "na",
        "newsletter": 37199
      },
      {
        "DATE": "2018-12-24",
        "revenue": 3208150,
        "tv_S": 158046.5733333333,
        "ooh_S": 0,
        "print_S": 7451.9555555556,
        "facebook_I": 32200517.801150564,
        "search_clicks_P": 50134.327502801,
        "search_S": 17146.6666666667,
        "competitor_sales_B": 8125604,
        "facebook_S": 9068.007406,
        "events": "na",
        "newsletter": 80865
      },
      {
        "DATE": "2018-12-31",
        "revenue": 2746851.6666666698,
        "tv_S": 51379.9066666667,
        "ooh_S": 0,
        "print_S": 0,
        "facebook_I": 0,
        "search_clicks_P": 34878.1585539847,
        "search_S": 14493.3333333333,
        "competitor_sales_B": 7314043,
        "facebook_S": 0,
        "events": "na",
        "newsletter": 54011
      },
      {
        "DATE": "2019-01-07",
        "revenue": 2566165,
        "tv_S": 0,
        "ooh_S": 329.6,
        "print_S": 903.6,
        "facebook_I": 6605940.8009223333,
        "search_clicks_P": 40333.8662960333,
        "search_S": 17026.6666666667,
        "competitor_sales_B": 8498273,
        "facebook_S": 1475.8147777939,
        "events": "na",
        "newsletter": 96236
      },
      {
        "DATE": "2019-01-14",
        "revenue": 2554828.3333333302,
        "tv_S": 11583.9733333333,
        "ooh_S": 0,
        "print_S": 735.1111111111,
        "facebook_I": 0,
        "search_clicks_P": 37302.7862754223,
        "search_S": 16293.3333333333,
        "competitor_sales_B": 8027598,
        "facebook_S": 0,
        "events": "na",
        "newsletter": 80627
      },
      {
        "DATE": "2019-01-21",
        "revenue": 1959706.66666667,
        "tv_S": 0,
        "ooh_S": 27275.2,
        "print_S": 2920.2222222222,
        "facebook_I": 10381943.6071373,
        "search_clicks_P": 39059.296134673,
        "search_S": 13813.3333333333,
        "competitor_sales_B": 6399576,
        "facebook_S": 2861.5022027215,
        "events": "na",
        "newsletter": 629
      },
      {
        "DATE": "2019-01-28",
        "revenue": 2424486.6666666698,
        "tv_S": 31676.4,
        "ooh_S": 0,
        "print_S": 0,
        "facebook_I": 0,
        "search_clicks_P": 39410.367500875,
        "search_S": 15200,
        "competitor_sales_B": 7415825,
        "facebook_S": 0,
        "events": "na",
        "newsletter": 19984
      },
      {
        "DATE": "2019-02-04",
        "revenue": 1953060,
        "tv_S": 0,
        "ooh_S": 0,
        "print_S": 4272.0444444444,
        "facebook_I": 0,
        "search_clicks_P": 47333.0483192967,
        "search_S": 13920,
        "competitor_sales_B": 6396016,
        "facebook_S": 0,
        "events": "na",
        "newsletter": 55736
      },
      {
        "DATE": "2019-02-11",
        "revenue": 2086935,
        "tv_S": 12722.84,
        "ooh_S": 0,
        "print_S": 1191.9111111111,
        "facebook_I": 8001487.2152607329,
        "search_clicks_P": 0,
        "search_S": 0,
        "competitor_sales_B": 6492811,
        "facebook_S": 2110.311965982,
        "events": "na",
        "newsletter": 19401.6538461538
      },
      {
        "DATE": "2019-02-18",
        "revenue": 1675816.66666667,
        "tv_S": 0,
        "ooh_S": 0,
        "print_S": 501.6888888889,
        "facebook_I": 0,
        "search_clicks_P": 0,
        "search_S": 0,
        "competitor_sales_B": 5588194,
        "facebook_S": 0,
        "events": "na",
        "newsletter": 19401.6538461538
      },
      {
        "DATE": "2019-02-25",
        "revenue": 1976413.33333333,
        "tv_S": 18120.96,
        "ooh_S": 30883.2,
        "print_S": 645.8222222222,
        "facebook_I": 510985.60009893,
        "search_clicks_P": 29510.1313617895,
        "search_S": 12186.6666666667,
        "competitor_sales_B": 6078682,
        "facebook_S": 0,
        "events": "na",
        "newsletter": 46243
      },
      {
        "DATE": "2019-03-04",
        "revenue": 1480760,
        "tv_S": 0,
        "ooh_S": 0,
        "print_S": 0,
        "facebook_I": 0,
        "search_clicks_P": 24697.386567737,
        "search_S": 9946.6666666667,
        "competitor_sales_B": 4933396,
        "facebook_S": 0,
        "events": "na",
        "newsletter": 36979
      },
      {
        "DATE": "2019-03-11",
        "revenue": 1425500,
        "tv_S": 5490.32,
        "ooh_S": 0,
        "print_S": 0,
        "facebook_I": 0,
        "search_clicks_P": 27353.2611552316,
        "search_S": 9040,
        "competitor_sales_B": 4597321,
        "facebook_S": 0,
        "events": "na",
        "newsletter": 23990
      },
      {
        "DATE": "2019-03-18",
        "revenue": 1156860,
        "tv_S": 0,
        "ooh_S": 0,
        "print_S": 0,
        "facebook_I": 27726469.920991898,
        "search_clicks_P": 18417.3058389686,
        "search_S": 7160,
        "competitor_sales_B": 3818999,
        "facebook_S": 6120.7424508939,
        "events": "na",
        "newsletter": 16046
      },
      {
        "DATE": "2019-03-25",
        "revenue": 1252230,
        "tv_S": 3483.3866666667,
        "ooh_S": 5765.3333333333,
        "print_S": 0,
        "facebook_I": 0,
        "search_clicks_P": 23635.3469101091,
        "search_S": 7973.3333333333,
        "competitor_sales_B": 4083211,
        "facebook_S": 0,
        "events": "na",
        "newsletter": 28980
      },
      {
        "DATE": "2019-04-01",
        "revenue": 1209373.33333333,
        "tv_S": 0,
        "ooh_S": 0,
        "print_S": 0,
        "facebook_I": 11831373.4167825,
        "search_clicks_P": 24629.4621754088,
        "search_S": 7880,
        "competitor_sales_B": 4017170,
        "facebook_S": 3308.6554490174,
        "events": "na",
        "newsletter": 7453
      },
      {
        "DATE": "2019-04-08",
        "revenue": 1183801.66666667,
        "tv_S": 47889.8133333333,
        "ooh_S": 2057.0666666667,
        "print_S": 0,
        "facebook_I": 0,
        "search_clicks_P": 22474.9158679508,
        "search_S": 7453.3333333333,
        "competitor_sales_B": 3588301,
        "facebook_S": 0,
        "events": "na",
        "newsletter": 37507
      },
      {
        "DATE": "2019-04-15",
        "revenue": 918593.333333333,
        "tv_S": 0,
        "ooh_S": 0,
        "print_S": 2996.2222222222,
        "facebook_I": 0,
        "search_clicks_P": 21748.748582943,
        "search_S": 6400,
        "competitor_sales_B": 3026520,
        "facebook_S": 0,
        "events": "na",
        "newsletter": 43718
      },
      {
        "DATE": "2019-04-22",
        "revenue": 2303595,
        "tv_S": 4878.4,
        "ooh_S": 0,
        "print_S": 0,
        "facebook_I": 6453814.5775161674,
        "search_clicks_P": 17160.486630913,
        "search_S": 6266.6666666667,
        "competitor_sales_B": 3140648,
        "facebook_S": 1596.9305949494,
        "events": "event2",
        "newsletter": 1167
      },
      {
        "DATE": "2019-04-29",
        "revenue": 890675,
        "tv_S": 0,
        "ooh_S": 0,
        "print_S": 12465.9111111111,
        "facebook_I": 10562526.337328134,
        "search_clicks_P": 18600.2945169807,
        "search_S": 5626.6666666667,
        "competitor_sales_B": 2828444,
        "facebook_S": 2513.1241219148,
        "events": "na",
        "newsletter": 1546
      },
      {
        "DATE": "2019-05-06",
        "revenue": 989913.333333334,
        "tv_S": 3695.8933333333,
        "ooh_S": 0,
        "print_S": 0,
        "facebook_I": 0,
        "search_clicks_P": 18702.8228417039,
        "search_S": 7280,
        "competitor_sales_B": 3221944,
        "facebook_S": 0,
        "events": "na",
        "newsletter": 34861
      },
      {
        "DATE": "2019-05-13",
        "revenue": 915791.666666667,
        "tv_S": 0,
        "ooh_S": 0,
        "print_S": 2123.7333333333,
        "facebook_I": 21735746.941606499,
        "search_clicks_P": 0,
        "search_S": 0,
        "competitor_sales_B": 2992910,
        "facebook_S": 6455.0583956264,
        "events": "na",
        "newsletter": 19401.6538461538
      },
      {
        "DATE": "2019-05-20",
        "revenue": 746205,
        "tv_S": 29240.3866666667,
        "ooh_S": 5769.0666666667,
        "print_S": 3789.5555555556,
        "facebook_I": 0,
        "search_clicks_P": 0,
        "search_S": 0,
        "competitor_sales_B": 2251073,
        "facebook_S": 0,
        "events": "na",
        "newsletter": 19401.6538461538
      },
      {
        "DATE": "2019-05-27",
        "revenue": 723785,
        "tv_S": 0,
        "ooh_S": 3667.7333333333,
        "print_S": 0,
        "facebook_I": 0,
        "search_clicks_P": 13374.6984256237,
        "search_S": 5213.3333333333,
        "competitor_sales_B": 2412562,
        "facebook_S": 0,
        "events": "na",
        "newsletter": 21000
      },
      {
        "DATE": "2019-06-03",
        "revenue": 903125,
        "tv_S": 0,
        "ooh_S": 0,
        "print_S": 1391.9111111111,
        "facebook_I": 0,
        "search_clicks_P": 18279.8967874842,
        "search_S": 6200,
        "competitor_sales_B": 2989592,
        "facebook_S": 0,
        "events": "na",
        "newsletter": 19903
      },
      {
        "DATE": "2019-06-10",
        "revenue": 672250,
        "tv_S": 0,
        "ooh_S": 0,
        "print_S": 0,
        "facebook_I": 1303102.87249779,
        "search_clicks_P": 10167.5638429433,
        "search_S": 4146.6666666667,
        "competitor_sales_B": 2240235,
        "facebook_S": 49.5286051682,
        "events": "na",
        "newsletter": 8031
      },
      {
        "DATE": "2019-06-17",
        "revenue": 739783.333333334,
        "tv_S": 0,
        "ooh_S": 0,
        "print_S": 0,
        "facebook_I": 0,
        "search_clicks_P": 12051.5514267609,
        "search_S": 4813.3333333333,
        "competitor_sales_B": 2467712,
        "facebook_S": 0,
        "events": "na",
        "newsletter": 20173
      },
      {
        "DATE": "2019-06-24",
        "revenue": 831833.333333334,
        "tv_S": 6160.48,
        "ooh_S": 0,
        "print_S": 0,
        "facebook_I": 0,
        "search_clicks_P": 16141.2873046473,
        "search_S": 4933.3333333333,
        "competitor_sales_B": 2672133,
        "facebook_S": 0,
        "events": "na",
        "newsletter": 26938
      },
      {
        "DATE": "2019-07-01",
        "revenue": 939896.666666667,
        "tv_S": 0,
        "ooh_S": 0,
        "print_S": 0,
        "facebook_I": 0,
        "search_clicks_P": 16051.0127298767,
        "search_S": 6386.6666666667,
        "competitor_sales_B": 3132194,
        "facebook_S": 0,
        "events": "na",
        "newsletter": 8713
      },
      {
        "DATE": "2019-07-08",
        "revenue": 946510,
        "tv_S": 5270.36,
        "ooh_S": 0,
        "print_S": 0,
        "facebook_I": 0,
        "search_clicks_P": 15111.7409414301,
        "search_S": 6133.3333333333,
        "competitor_sales_B": 3060018,
        "facebook_S": 0,
        "events": "na",
        "newsletter": 17384
      },
      {
        "DATE": "2019-07-15",
        "revenue": 1063913.33333333,
        "tv_S": 0,
        "ooh_S": 66465.0666666667,
        "print_S": 0,
        "facebook_I": 0,
        "search_clicks_P": 25572.1556008095,
        "search_S": 7720,
        "competitor_sales_B": 3505139,
        "facebook_S": 0,
        "events": "na",
        "newsletter": 4153
      },
      {
        "DATE": "2019-07-22",
        "revenue": 1278223.33333333,
        "tv_S": 12049.5066666667,
        "ooh_S": 0,
        "print_S": 0,
        "facebook_I": 9985410.3520335667,
        "search_clicks_P": 25782.638883063,
        "search_S": 8520,
        "competitor_sales_B": 4004072,
        "facebook_S": 2860.1413508433,
        "events": "na",
        "newsletter": 25861
      },
      {
        "DATE": "2019-07-29",
        "revenue": 1500828.33333333,
        "tv_S": 0,
        "ooh_S": 38432.5333333333,
        "print_S": 0,
        "facebook_I": 0,
        "search_clicks_P": 25109.025698974,
        "search_S": 9520,
        "competitor_sales_B": 4982078,
        "facebook_S": 0,
        "events": "na",
        "newsletter": 1820
      },
      {
        "DATE": "2019-08-05",
        "revenue": 1843118.33333333,
        "tv_S": 13009.9733333333,
        "ooh_S": 0,
        "print_S": 0,
        "facebook_I": 59432757.638192661,
        "search_clicks_P": 34772.6446345877,
        "search_S": 10813.3333333333,
        "competitor_sales_B": 5672763,
        "facebook_S": 15400.3914080076,
        "events": "na",
        "newsletter": 40473
      },
      {
        "DATE": "2019-08-12",
        "revenue": 1443773.33333333,
        "tv_S": 0,
        "ooh_S": 33946.6666666667,
        "print_S": 0,
        "facebook_I": 0,
        "search_clicks_P": 0,
        "search_S": 0,
        "competitor_sales_B": 4783227,
        "facebook_S": 0,
        "events": "na",
        "newsletter": 19401.6538461538
      },
      {
        "DATE": "2019-08-19",
        "revenue": 1397435,
        "tv_S": 0,
        "ooh_S": 0,
        "print_S": 3220.2666666667,
        "facebook_I": 32772018.198220063,
        "search_clicks_P": 0,
        "search_S": 0,
        "competitor_sales_B": 4520254,
        "facebook_S": 9744.9178110571,
        "events": "na",
        "newsletter": 19401.6538461538
      },
      {
        "DATE": "2019-08-26",
        "revenue": 1930413.33333333,
        "tv_S": 0,
        "ooh_S": 38522.1333333333,
        "print_S": 0,
        "facebook_I": 0,
        "search_clicks_P": 37858.4673788283,
        "search_S": 12986.6666666667,
        "competitor_sales_B": 6397749,
        "facebook_S": 0,
        "events": "na",
        "newsletter": 48083
      },
      {
        "DATE": "2019-09-02",
        "revenue": 2106968.3333333302,
        "tv_S": 226.4133333333,
        "ooh_S": 0,
        "print_S": 13731.1555555556,
        "facebook_I": 13581799.253078634,
        "search_clicks_P": 39232.5917333713,
        "search_S": 12800,
        "competitor_sales_B": 6637702,
        "facebook_S": 4037.9586513833,
        "events": "na",
        "newsletter": 34061
      },
      {
        "DATE": "2019-09-09",
        "revenue": 2233758.3333333302,
        "tv_S": 49267.8,
        "ooh_S": 4244.8,
        "print_S": 0,
        "facebook_I": 0,
        "search_clicks_P": 45976.5561046157,
        "search_S": 13760,
        "competitor_sales_B": 6774864,
        "facebook_S": 0,
        "events": "na",
        "newsletter": 31325
      },
      {
        "DATE": "2019-09-16",
        "revenue": 2575148.3333333302,
        "tv_S": 0,
        "ooh_S": 11461.8666666667,
        "print_S": 14604.3111111111,
        "facebook_I": 6328270.5669118995,
        "search_clicks_P": 51907.6621149743,
        "search_S": 16093.3333333333,
        "competitor_sales_B": 8116568,
        "facebook_S": 1330.8840527708,
        "events": "na",
        "newsletter": 70417
      },
      {
        "DATE": "2019-09-23",
        "revenue": 2510951.6666666698,
        "tv_S": 27816.9466666667,
        "ooh_S": 0,
        "print_S": 0,
        "facebook_I": 0,
        "search_clicks_P": 48537.5137808267,
        "search_S": 15426.6666666667,
        "competitor_sales_B": 7702931,
        "facebook_S": 0,
        "events": "na",
        "newsletter": 50905
      },
      {
        "DATE": "2019-09-30",
        "revenue": 2275620,
        "tv_S": 0,
        "ooh_S": 31455.4666666667,
        "print_S": 19608.9333333333,
        "facebook_I": 0,
        "search_clicks_P": 43225.8519776553,
        "search_S": 14680,
        "competitor_sales_B": 7060116,
        "facebook_S": 0,
        "events": "na",
        "newsletter": 79428
      },
      {
        "DATE": "2019-10-07",
        "revenue": 2505161.6666666698,
        "tv_S": 19263.9466666667,
        "ooh_S": 0,
        "print_S": 0,
        "facebook_I": 47150915.700563669,
        "search_clicks_P": 42510.0755134987,
        "search_S": 15346.6666666667,
        "competitor_sales_B": 7603752,
        "facebook_S": 13859.7936776171,
        "events": "na",
        "newsletter": 58284
      },
      {
        "DATE": "2019-10-14",
        "revenue": 2456240,
        "tv_S": 0,
        "ooh_S": 32230.9333333333,
        "print_S": 20496.4888888889,
        "facebook_I": 0,
        "search_clicks_P": 50946.7744707207,
        "search_S": 14946.6666666667,
        "competitor_sales_B": 7612762,
        "facebook_S": 0,
        "events": "na",
        "newsletter": 28157
      },
      {
        "DATE": "2019-10-21",
        "revenue": 2182825,
        "tv_S": 20655.68,
        "ooh_S": 0,
        "print_S": 0,
        "facebook_I": 18960654.078402635,
        "search_clicks_P": 34560.0159402123,
        "search_S": 13826.6666666667,
        "competitor_sales_B": 6701667,
        "facebook_S": 4454.1525174512,
        "events": "na",
        "newsletter": 10644
      },
      {
        "DATE": "2019-10-28",
        "revenue": 2377706.6666666698,
        "tv_S": 2931,
        "ooh_S": 7516.8,
        "print_S": 2330.1333333333,
        "facebook_I": 0,
        "search_clicks_P": 46129.2347125477,
        "search_S": 15293.3333333333,
        "competitor_sales_B": 7688920,
        "facebook_S": 0,
        "events": "na",
        "newsletter": 9597
      },
      {
        "DATE": "2019-11-04",
        "revenue": 2732825,
        "tv_S": 2993.7333333333,
        "ooh_S": 0,
        "print_S": 3206.8444444444,
        "facebook_I": 0,
        "search_clicks_P": 50569.3301540683,
        "search_S": 17880,
        "competitor_sales_B": 8815710,
        "facebook_S": 0,
        "events": "na",
        "newsletter": 90189
      },
      {
        "DATE": "2019-11-11",
        "revenue": 2767788.3333333302,
        "tv_S": 0,
        "ooh_S": 0,
        "print_S": 0,
        "facebook_I": 42660373.255079664,
        "search_clicks_P": 0,
        "search_S": 0,
        "competitor_sales_B": 9067759,
        "facebook_S": 12206.3586456633,
        "events": "na",
        "newsletter": 19401.6538461538
      }
    ]
  }
}
